<record><leader>00000cas a22000007a 4500</leader><controlfield tag="001">14375610</controlfield><controlfield tag="008">861010d19091915txuwr ne      0    0eng d</controlfield><datafield ind1=" " ind2=" " tag="010"><subfield code="a">sn 86089653 </subfield></datafield><datafield ind1=" " ind2=" " tag="040"><subfield code="a">PPM</subfield><subfield code="b">eng</subfield><subfield code="c">PPM</subfield><subfield code="d">OCLCQ</subfield></datafield><datafield ind1=" " ind2=" " tag="042"><subfield code="a">msc</subfield></datafield><datafield ind1="0" ind2=" " tag="130"><subfield code="a">Texas spur (Spur, Tex.: 1909)</subfield></datafield><datafield ind1="1" ind2="4" tag="245"><subfield code="a">The Texas spur.</subfield></datafield><datafield ind1=" " ind2=" " tag="260"><subfield code="a">Spur, Tex. :</subfield><subfield code="b">Spur Print. Co.,</subfield><subfield code="c">1909-1915.</subfield></datafield><datafield ind1=" " ind2=" " tag="300"><subfield code="a">6 v. :</subfield><subfield code="b">ill.</subfield></datafield><datafield ind1=" " ind2=" " tag="310"><subfield code="a">Weekly</subfield></datafield><datafield ind1="0" ind2=" " tag="362"><subfield code="a">Vol. 1, no. 1 (Oct. 1, 1909) - v. 6., no. 17 (Feb. 26, 1915).</subfield></datafield><datafield ind1=" " ind2=" " tag="580"><subfield code="a">Merged with: Dickens item, to form: Texas Spur and Dickens item.</subfield></datafield><datafield ind1=" " ind2=" " tag="752"><subfield code="a">United States</subfield><subfield code="b">Texas</subfield><subfield code="c">Dickens</subfield><subfield code="d">Spur.</subfield></datafield><datafield ind1="1" ind2="7" tag="785"><subfield code="t">Dickens item</subfield></datafield><datafield ind1="1" ind2="7" tag="785"><subfield code="t">Texas spur and Dickens item</subfield></datafield></record>